@article{biryukov2017equihash,
    title = {Equihash: Asymmetric proof-of-work based on the generalized birthday problem},
    author = {Biryukov, Alex and Khovratovich, Dmitry},
    journal = {Ledger},
    volume = {2},
    pages = {1--30},
    year = {2017}
}

@article{sanger2015bank,
    title = {Bank Hackers Steal Millions via Malware},
    author = {Sanger, David and Perlroth, Nicole},
    journal = {The New York Times},
    url = {https://www.nytimes.com/2015/02/15/world/bank-hackers-steal-millions-via-malware.html},
    year = {2015}
}

@article{leskin2018top,
    title = {The 21 scariest data breaches of 2018},
    author = {Leskin, Paige},
    journal = {Business Insider},
    url = {https://www.businessinsider.com/data-hacks-breaches-biggest-of-2018-2018-12#1-aadhar-11-billion-21},
    year = {2018}
}

@techreport{kiayias2017non,
    title = {Non-interactive proofs of proof-of-work},
    author = {Kiayias, Aggelos and Miller, Andrew and Zindros, Dionysis},
    year = {2017},
    institution = {Cryptology ePrint Archive, Report 2017/963, 2017. Accessed: 2017-10-03}
}

@online{ergoMiner,
    title = {Autolykos GPU miner},
    url = {https://github.com/ergoplatform/Autolykos-GPU-miner}
}

@inproceedings{reyzin2017improving,
    title = {Improving authenticated dynamic dictionaries, with applications to cryptocurrencies},
    author = {Reyzin, Leonid and Meshkov, Dmitry and Chepurnoy, Alexander and Ivanov, Sasha},
    booktitle = {International Conference on Financial Cryptography and Data Security},
    pages = {376--392},
    year = {2017},
    organization = {Springer}
}

@incollection{meshkov2017short,
    title = {Short Paper: Revisiting Difficulty Control for Blockchain Systems},
    author = {Meshkov, Dmitry and Chepurnoy, Alexander and Jansen, Marc},
    booktitle = {Data Privacy Management, Cryptocurrencies and Blockchain Technology},
    pages = {429--436},
    year = {2017},
    publisher = {Springer}
}

@article{luuflyclient,
    title = {Flyclient super light client for cryptocurrencies},
    author = {Luu, L and Buenz, B and Zamani, M},
    journal = {IACR Cryptology ePrint Archive},
    year = {2019},
    url = {https://eprint.iacr.org/2019/226}
}

@article{perez2019another,
    title={Another coin bites the dust: an analysis of dust in UTXO-based cryptocurrencies},
    author={P{\'e}rez-Sol{\`a}, Cristina and Delgado-Segura, Sergi and Navarro-Arribas, Guillermo and Herrera-Joancomart{\'\i}, Jordi},
    journal={Royal Society open science},
    volume={6},
    number={1},
    pages={180817},
    year={2019},
    publisher={The Royal Society}
}

@unpublished{Ergopow,
    author = {Chepurnoy, Alexander and Kharin, Vasily and Meshkov, Dmitry},
    title = {Autolykos: The Ergo Platform PoW Puzzle},
    url = {https://docs.ergoplatform.com/ErgoPow.pdf},
    year = {2019}
}

@online{ethHash,
    title = {Ethash},
    url = {https://github.com/ethereum/wiki/wiki/Ethash/6e97c9cea49605264c6f4d1dc9e1939b1f89a5a3}
}

@online{btcPrice,
    title = {Bitcoin’s Price Surpasses \$18,000 Level, Market Cap Now Higher Than Visa’s},
    url = {https://cointelegraph.com/news/bitcoins-price-surpasses-18000-level-market-cap-now-higher-than-visas}
}

@online{ethWhitepaper,
    title = {A Next-Generation Smart Contract and Decentralized Application Platform},
    url = {https://github.com/ethereum/wiki/wiki/White-Paper/eb67aed3dd751a25aa94704de22f6bd8850d345b}
}

@online{bitcoinFees,
    title = {Skyrocketing fees are fundamentally changing bitcoin},
    url = {https://arstechnica.com/tech-policy/2017/12/bitcoin-fees-rising-high/}
}

@online{parityLock,
    title = {I Accidentally Killed It: Parity Wallet Bug Locks \$150 Million in Ether},
    url = {https://www.ccn.com/i-accidentally-killed-it-parity-wallet-bug-locks-150-million-in-ether}
}

@article{zahnentferner2018chimeric,
    title = {Chimeric Ledgers: Translating and Unifying UTXO-based and Account-based Cryptocurrencies.},
    author = {Zahnentferner, Joachim},
    journal = {IACR Cryptology ePrint Archive},
    volume = {2018},
    pages = {262},
    year = {2018}
}

@article{goodman2014tezos,
    title = {Tezos --- a self-amending crypto-ledger White paper},
    author = {Goodman, LM},
    journal = {URL: https://www. tezos. com/static/papers/white\_paper. pdf},
    year = {2014}
}

@article{szabo1994smart,
    title = {Smart contracts},
    author = {Szabo, Nick},
    journal = {Unpublished manuscript},
    year = {1994}
}

@inproceedings{dwork2003memory,
    title = {On memory-bound functions for fighting spam},
    author = {Dwork, Cynthia and Goldberg, Andrew and Naor, Moni},
    booktitle = {Annual International Cryptology Conference},
    pages = {426--444},
    year = {2003},
    organization = {Springer}
}

@online{ETHAsics,
    title = {Bitmain Confirms Release of First Ethereum ASIC Miners},
    url = {https://www.coindesk.com/bitmain-confirms-release-first-ever-ethereum-asic-miners}
}

@online{EquihashAsics,
    title = {Bitmain’s Latest Crypto ASIC Can Mine Zcash},
    url = {https://www.coindesk.com/bitmains-latest-crypto-asic-can-mine-zcash}
}

@article{chepurnoy2018systematic,
    title = {A Systematic Approach To Cryptocurrency Fees},
    author = {Chepurnoy, Alexander and Kharin, Vasily and Meshkov, Dmitry},
    journal = {IACR Cryptology ePrint Archive},
    volume = {2018},
    pages = {78},
    year = {2018}
}

@inproceedings{chepurnoy2018self,
    title = {Self-reproducing Coins as Universal Turing Machine},
    author = {Chepurnoy, Alexander and Kharin, Vasily and Meshkov, Dmitry},
    booktitle = {Data Privacy Management, Cryptocurrencies and Blockchain Technology},
    pages = {57--64},
    year = {2018},
    publisher = {Springer}
}

@inproceedings{chepurnoy2018checking,
    title = {Checking laws of the blockchain with property-based testing},
    author = {Chepurnoy, Alexander and Rathee, Mayank},
    booktitle = {Blockchain Oriented Software Engineering (IWBOSE), 2018 International Workshop on},
    pages = {40--47},
    year = {2018},
    organization = {IEEE}
}

@inproceedings{duong2018multi,
    title = {Multi-mode Cryptocurrency Systems},
    author = {Duong, Tuyet and Chepurnoy, Alexander and Zhou, Hong-Sheng},
    booktitle = {Proceedings of the 2nd ACM Workshop on Blockchains, Cryptocurrencies, and Contracts},
    pages = {35--46},
    year = {2018},
    organization = {ACM}
}

@inproceedings{carlsten2016instability,
    title = {On the instability of bitcoin without the block reward},
    author = {Carlsten, Miles and Kalodner, Harry and Weinberg, S Matthew and Narayanan, Arvind},
    booktitle = {Proceedings of the 2016 ACM SIGSAC Conference on Computer and Communications Security},
    pages = {154--167},
    year = {2016},
    organization = {ACM}
}

@article{chepurnoy2017space,
    title={On Space-Scarce Economy In Blockchain Systems.},
    author={Chepurnoy, Alexander and Meshkov, Dmitry},
    journal={IACR Cryptology ePrint Archive},
    volume={2017},
    pages={644},
    year={2017}
}

@article{wsj2018,
    title = {A Fifth of All Bitcoin Is Missing. These Crypto Hunters Can Help},
    author = {Krause, Elliott},
    year = {2018},
    publisher = {The Wall Street Journal}
}

@article{nakamoto2008bitcoin,
    title = {Bitcoin: A peer-to-peer electronic cash system},
    author = {Nakamoto, Satoshi},
    year = {2008},
    publisher = {Working Paper}
}